@article{bilandzic2011flow,
  title={Flow analysis with cumulants: Direct calculations},
  author={Bilandzic, Ante and Snellings, Raimond and Voloshin, Sergei},
  journal={Physical Review C},
  volume={83},
  number={4},
  pages={044913},
  year={2011},
  publisher={APS}
}

@book{bilandzic2012anisotropic,
  title={Anisotropic flow measurements in ALICE at the large hadron collider},
  author={Bilandzic, Ante},
  year={2012}
}

@misc{Duckhic,
    author={DukeQCD group},
    title={hic},
    howpublished={\url{https://github.com/Duke-QCD/hic}},
}

@misc{myhic,
    howpublished={\url{https://github.com/Liuqi19990113/HIC-observables/blob/master/HICO/hic_flow.py}},
}